<collection xmlns="http://www.loc.gov/MARC21/slim">
<record>
  <leader>01824nam0a2200325 i 450 </leader>
  <controlfield tag="001">IT\ICCU\CNCE\012883</controlfield>
  <controlfield tag="005">20071025000000.0</controlfield>
  <datafield tag="012" ind1=" " ind2=" ">
    <subfield code="a">6967 6327 e.e- algi (3) 1557 (R)</subfield>
    <subfield code="2">fei</subfield>
  </datafield>
  <datafield tag="100" ind1=" " ind2=" ">
    <subfield code="a">19970101d1557        0itac0103    ba</subfield>
  </datafield>
  <datafield tag="101" ind1=" " ind2=" ">
    <subfield code="a">ITA</subfield>
  </datafield>
  <datafield tag="102" ind1=" " ind2=" ">
    <subfield code="a">IT</subfield>
  </datafield>
  <datafield tag="200" ind1="1" ind2=" ">
    <subfield code="a">Statuti della Compagnia dei drappieri, o&apos; vero strazzaroli, della citt ̉di Bologna, reformati ultimamente l&apos;anno MDLVI</subfield>
  </datafield>
  <datafield tag="210" ind1=" " ind2=" ">
    <subfield code="a">\Bologna!</subfield>
    <subfield code="c">stampati per Pelegrino Bonardo</subfield>
    <subfield code="e">In Bologna</subfield>
    <subfield code="g">per Pelegrino Bonardo</subfield>
    <subfield code="h">in Calende di Marzo 1557</subfield>
  </datafield>
  <datafield tag="215" ind1=" " ind2=" ">
    <subfield code="a">\20!, 70, \5! p.</subfield>
    <subfield code="d">fol</subfield>
  </datafield>
  <datafield tag="300" ind1=" " ind2=" ">
    <subfield code="a">Nell&apos;esemplare di BO07 seguono, senza interruzione della serie alfabetica delle segnature, 4 bifolii (H-L), contenenti decreti e bandi della Compagnia emessi tra il 1560 e il 1588. Nel coloph.: Bononiae, apud Alexandrum Benatium, 1588</subfield>
  </datafield>
  <datafield tag="620" ind1=" " ind2=" ">
    <subfield code="a">IT</subfield>
    <subfield code="d">Bologna</subfield>
  </datafield>
  <datafield tag="710" ind1="0" ind2="2">
    <subfield code="a">Compagnia dei Drappieri</subfield>
    <subfield code="c"> &lt;Bologna&gt;</subfield>
    <subfield code="3">IT\ICCU\CNCT\003421</subfield>
  </datafield>
  <datafield tag="712" ind1="0" ind2="0">
    <subfield code="a">Bonardo, Pellegrino</subfield>
    <subfield code="3">IT\ICCU\CNCT\000668</subfield>
    <subfield code="4">650</subfield>
  </datafield>
  <datafield tag="791" ind1="0" ind2="0">
    <subfield code="a">Bonardus, Peregrinus</subfield>
    <subfield code="3">IT\ICCU\CNCT\004433</subfield>
    <subfield code="z">Bonardo, Pellegrino</subfield>
  </datafield>
  <datafield tag="801" ind1=" " ind2="3">
    <subfield code="a">IT</subfield>
    <subfield code="b">ICCU</subfield>
    <subfield code="c">20201114</subfield>
  </datafield>
  <datafield tag="899" ind1=" " ind2=" ">
    <subfield code="a">Biblioteca dell&apos;Eremo di Camaldoli. Camaldoli - Poppi</subfield>
    <subfield code="1">AR0101</subfield>
    <subfield code="2">CFI EC</subfield>
  </datafield>
  <datafield tag="899" ind1=" " ind2=" ">
    <subfield code="a">Biblioteca universitaria. Bologna</subfield>
    <subfield code="1">BO0098</subfield>
    <subfield code="2">UBO BU</subfield>
  </datafield>
  <datafield tag="899" ind1=" " ind2=" ">
    <subfield code="a">Biblioteca comunale dell&apos;Archiginnasio. Bologna</subfield>
    <subfield code="1">BO0304</subfield>
    <subfield code="2">UBO GA</subfield>
  </datafield>
  <datafield tag="899" ind1=" " ind2=" ">
    <subfield code="a">Archivio di Stato di Bologna. Bologna</subfield>
    <subfield code="1">BO0514</subfield>
    <subfield code="2">ZBO 24</subfield>
  </datafield>
  <datafield tag="899" ind1=" " ind2=" ">
    <subfield code="a">Biblioteca nazionale centrale. Firenze</subfield>
    <subfield code="1">FI0098</subfield>
    <subfield code="2">CFI CF</subfield>
  </datafield>
  <datafield tag="899" ind1=" " ind2=" ">
    <subfield code="a">Biblioteca di Scienze sociali. Firenze</subfield>
    <subfield code="1">FI0597</subfield>
    <subfield code="2">UFI KE</subfield>
  </datafield>
  <datafield tag="899" ind1=" " ind2=" ">
    <subfield code="a">Biblioteca di Ateneo dell&apos;Universit ̉cattolica del Sacro Cuore. Milano</subfield>
    <subfield code="1">MI0291</subfield>
    <subfield code="2">ZMI 18</subfield>
  </datafield>
  <datafield tag="899" ind1=" " ind2=" ">
    <subfield code="a">Biblioteca Palatina. Parma</subfield>
    <subfield code="1">PR0072</subfield>
    <subfield code="2">PAR PA</subfield>
  </datafield>
  <datafield tag="899" ind1=" " ind2=" ">
    <subfield code="a">Biblioteca Casanatense. Roma</subfield>
    <subfield code="1">RM0313</subfield>
    <subfield code="2">RML 07</subfield>
  </datafield>
  <datafield tag="899" ind1=" " ind2=" ">
    <subfield code="a">Biblioteca del Senato della Repubblica Giovanni Spadolini. Roma</subfield>
    <subfield code="z">MUTILO</subfield>
    <subfield code="1">RM0427</subfield>
    <subfield code="2">ZRM 12</subfield>
  </datafield>
</record>
</collection>
